@Article{MinWen,
 author = {Min Wen},
 title = {Algorithms of Scheduling Aircraft Landing Problem},
 journal = {Department of Informatics and Mathematical Modelling Technical University of Denmark},
 year = {2005},
 pages = {45--48},
}
