@ARTICLE{FirstPublication,
    author = {B.M.Smith and S.C.Brailsford and P.M.Hubbard and H.P.Williams},
    title = {The Progressive Party Problem: Integer Linear Programming and Constraint Programming Compared},
    journal = {Constraints},
    year = {1995},
    volume = {1},
    pages = {119--138}
}

@INCOLLECTION{ProgressOnThePartyProblem,
	year={2009},
	isbn={978-3-642-01928-9},
	booktitle={Integration of AI and OR Techniques in Constraint Programming for Combinatorial Optimization Problems},
	volume={5547},
	series={Lecture Notes in Computer Science},
	editor={Hoeve, Willem-Jan and Hooker, JohnN.},
	doi={10.1007/978-3-642-01929-6_32},
	title={Progress on the Progressive Party Problem},
	url={http://dx.doi.org/10.1007/978-3-642-01929-6_32},
	publisher={Springer Berlin Heidelberg},
	author={Helmut Simonis},
	pages={328-329}
}


@MISC{CustomizingSearch,
	author = {Helmut Simonis},
	title = {Customizing Search (Progressive Party Problem)},
	howpublished = {\url{http://4c.ucc.ie/~hsimonis/ELearning/party/handout.pdf}},
	year = {2009},
	note = {(Ultima visita el 17/07/2014)}
}

@MISC{PPPAsMIP,
    author = {Erwin Kalvelagen},
    title = {ON SOLVING THE ‘PROGRESSIVE PARTY PROBLEM AS A MIP},
    howpublished = {\url{http://amsterdamoptimization.com/pdf/ppp.pdf}},
    year = {2002},
    note = {(Ultima visita el 26/05/2014)}
}

@MISC{ProblemDescription,
	author = {Joachim Paul Walser},
    title = {The Progressive Party Problem},
    howpublished = {\url{http://www.ps.uni-saarland.de/~walser/ppp/ppp.html}},
    year = {1997},
    note = {(Ultima visita el 26/05/2014)}
}

@INCOLLECTION{LocalSearch,
	year={1999},
	isbn={978-1-4613-7646-0},
	booktitle={Meta-Heuristics},
	editor={Voß, Stefan and Martello, Silvano and Osman, IbrahimH. and Roucairol, Catherine},
	doi={10.1007/978-1-4615-5775-3_29},
	title={Solving the Progressive Party Problem by Local Search},
	url={http://dx.doi.org/10.1007/978-1-4615-5775-3_29},
	publisher={Springer US},
	author={Philippe Galinier and Jin-Kao Hao},
	pages={419-432},
	language={English}
}

@PHDTHESIS{WalserThesis,
	author = {Joachim Paul Walser},
	title = {Domain-Independent Local Search for Linear Integer Optimization},
	year = {1998},
	school = {Universität des Saarlandes}
}

@INPROCEEDINGS{PseudoLocal,
	author = {Joachim Paul Walser},
	title = {Solving Linear Pseudo-Boolean Constraint Problems with Local Search},
	booktitle = {FOURTEENTH NATIONAL CONFERENCE ON ARTIFICIAL INTELLIGENCE},
	year = {1997}
}

@INPROCEEDINGS{MinConflicts,
	author = {Steven Minton and Mark D. Johnston and Andrew B. Philips and and Philip Laird},
	title = {Solving Large-Scale Constraint Satisfaction and Scheduling Problems Using a Heuristic Repair Method},
	booktitle = {Eighth National Conference on Artificial Intelligence (AAAI-90)},
    year = {1990}
}