@article{FirstPublication,
	author	= {B.M. Smith, S.C. Brailsford, H.P. Williams and P.M.Hubbard},
	title	= {The Progressive Party Problem: Integer Linear Programming and Constraint Programming Compared},
	journal	= {Lecture Notes in Computer Science},
	year	= {1995},
	volume	= {976},
	number	= {},
	pages	= {36--52},
}
