@Misc{gagne,
	title = {30 new hard problems},
	author = {Caroline Gagne},
	howpublished = {\url{http://www.cse.unsw.edu.au/~tw/csplib/prob/prob001/index.html}}
}

%acm
@article{parello,
	author = {Parrello, Bruce D. and Kabat, Waldo C. and Wos, L.},
	title = {Job-shop scheduling using automated reasoning: a case study of the car-sequencing problem},
	journal = {J. Autom. Reason.},
	volume = {2},
	number = {1},
	year = {1986},
	issn = {0168-7433},
	pages = {1--42},
	publisher = {Springer-Verlag New York, Inc.},
	address = {Secaucus, NJ, USA},
}

@InProceedings{DTWZ94,
	author =   {A. Davenport, E. Tsang, C. Wang and K. Zhu},
	title =    {Genet: a connectionist architecture for solving constraint satisfaction problems by iterative improvement},
	booktitle =    {In Proceedings of AAAIâ€™94},
	pages =    {325-330},
	year =     1994,
}

@book{DS05,
	author = {Dorigo, Marco and St\"{u}tzle, Thomas},
	title = {Ant Colony Optimization},
	year = {2004},
	isbn = {0262042193},
	publisher = {Bradford Book},
}
